<record><leader>00000cas a2200000 a 4500</leader><controlfield tag="001">31471741</controlfield><controlfield tag="007">hd bfu---baat</controlfield><controlfield tag="007">hd afu---bact</controlfield><controlfield tag="008">941116d19051925nbuwr nea     0    0eng d</controlfield><datafield ind1=" " ind2=" " tag="010"><subfield code="a">sn 94056513 </subfield></datafield><datafield ind1=" " ind2=" " tag="040"><subfield code="a">NVG</subfield><subfield code="b">eng</subfield><subfield code="c">NVG</subfield><subfield code="d">OCL</subfield><subfield code="d">OCLCQ</subfield><subfield code="d">OCLCF</subfield><subfield code="d">OCLCO</subfield><subfield code="d">OCLCQ</subfield></datafield><datafield ind1=" " ind2=" " tag="042"><subfield code="a">msc</subfield></datafield><datafield ind1=" " ind2=" " tag="043"><subfield code="a">n-us-nb</subfield></datafield><datafield ind1="0" ind2=" " tag="130"><subfield code="a">Gothenburg independent (Gothenburg, Neb. : 1908)</subfield></datafield><datafield ind1="1" ind2="0" tag="245"><subfield code="a">Gothenburg independent.</subfield></datafield><datafield ind1=" " ind2=" " tag="260"><subfield code="a">Gothenburg, Dawson County, Neb. :</subfield><subfield code="b">H.C. Booker,</subfield><subfield code="c">-1925.</subfield></datafield><datafield ind1=" " ind2=" " tag="300"><subfield code="a">volumes</subfield></datafield><datafield ind1=" " ind2=" " tag="310"><subfield code="a">Weekly</subfield></datafield><datafield ind1=" " ind2=" " tag="336"><subfield code="a">text</subfield><subfield code="b">txt</subfield><subfield code="2">rdacontent</subfield></datafield><datafield ind1=" " ind2=" " tag="337"><subfield code="a">microform</subfield><subfield code="b">h</subfield><subfield code="2">rdamedia</subfield></datafield><datafield ind1=" " ind2=" " tag="338"><subfield code="a">microfilm reel</subfield><subfield code="b">hd</subfield><subfield code="2">rdacarrier</subfield></datafield><datafield ind1="0" ind2=" " tag="362"><subfield code="a">Vol. 21, no. 32 (Nov. 16, 1905)-v. 41, no. 43 (Jan. 31, 1925).</subfield></datafield><datafield ind1=" " ind2=" " tag="580"><subfield code="a">Merged with: Gothenburg times (Gothenburg, Neb. : 1908), to form: Gothenburg tiimes and Gothenburg independent.</subfield></datafield><datafield ind1=" " ind2=" " tag="533"><subfield code="a">Microfilm.</subfield><subfield code="m">1908-1925:[Gaps]</subfield><subfield code="b">Lincoln, Neb. :</subfield><subfield code="c">Nebraska State Historical Society.</subfield><subfield code="e">8 microfilm reels ; 35 mm.</subfield></datafield><datafield ind1=" " ind2="0" tag="651"><subfield code="a">Gothenburg (Neb.)</subfield><subfield code="v">Newspapers.</subfield></datafield><datafield ind1=" " ind2="7" tag="651"><subfield code="a">Nebraska</subfield><subfield code="z">Gothenburg.</subfield><subfield code="2">fast</subfield><subfield code="0">(OCoLC)fst01229059</subfield></datafield><datafield ind1=" " ind2="7" tag="655"><subfield code="a">Newspapers.</subfield><subfield code="2">fast</subfield><subfield code="0">(OCoLC)fst01423814</subfield></datafield><datafield ind1=" " ind2=" " tag="752"><subfield code="a">United States</subfield><subfield code="b">Nebraska</subfield><subfield code="c">Dawson</subfield><subfield code="d">Gothenburg.</subfield></datafield><datafield ind1="0" ind2="0" tag="780"><subfield code="t">Gothenburg independent and Gothenburg sun</subfield><subfield code="w">(DLC)sn 94056512</subfield></datafield><datafield ind1="1" ind2="7" tag="785"><subfield code="t">Gothenburg times (Gothenburg, Neb. : 1908)</subfield><subfield code="w">(DLC)sn 94056500</subfield></datafield><datafield ind1="1" ind2="7" tag="785"><subfield code="t">Gothenburg times and Gothenburg independent</subfield><subfield code="w">(DLC)sn 94056501</subfield></datafield><datafield ind1="1" ind2=" " tag="029"><subfield code="a">AU@</subfield><subfield code="b">000011358029</subfield></datafield></record>